%YAML 1.1
%TAG !u! tag:unity3d.com,2011:
--- !u!1 &1088691136288176470
GameObject:
  m_ObjectHideFlags: 0
  m_CorrespondingSourceObject: {fileID: 0}
  m_PrefabInstance: {fileID: 0}
  m_PrefabAsset: {fileID: 0}
  serializedVersion: 6
  m_Component:
  - component: {fileID: 2635257934759542757}
  m_Layer: 0
  m_Name: ShelfBody
  m_TagString: Untagged
  m_Icon: {fileID: 0}
  m_NavMeshLayer: 0
  m_StaticEditorFlags: 0
  m_IsActive: 1
--- !u!4 &2635257934759542757
Transform:
  m_ObjectHideFlags: 0
  m_CorrespondingSourceObject: {fileID: 0}
  m_PrefabInstance: {fileID: 0}
  m_PrefabAsset: {fileID: 0}
  m_GameObject: {fileID: 1088691136288176470}
  m_LocalRotation: {x: 0, y: 0, z: 0, w: 1}
  m_LocalPosition: {x: 0, y: 1.763, z: 0}
  m_LocalScale: {x: 0.63899994, y: 0.71, z: 0.99399996}
  m_Children:
  - {fileID: 2250307851102083917}
  - {fileID: 2250307851448917160}
  - {fileID: 2250307850101957400}
  - {fileID: 2250307851433867592}
  - {fileID: 2250307849589288234}
  - {fileID: 2250307851429406289}
  - {fileID: 2250307850361601854}
  - {fileID: 2250307850630721253}
  - {fileID: 2250307850928827868}
  - {fileID: 2250307850787455767}
  m_Father: {fileID: 2250307851423813695}
  m_RootOrder: 0
  m_LocalEulerAnglesHint: {x: 0, y: 0, z: 0}
--- !u!1 &2250307849589288235
GameObject:
  m_ObjectHideFlags: 0
  m_CorrespondingSourceObject: {fileID: 0}
  m_PrefabInstance: {fileID: 0}
  m_PrefabAsset: {fileID: 0}
  serializedVersion: 6
  m_Component:
  - component: {fileID: 2250307849589288234}
  - component: {fileID: 2250307849589288247}
  - component: {fileID: 2250307849589288232}
  - component: {fileID: 2250307849589288233}
  m_Layer: 0
  m_Name: glass
  m_TagString: Untagged
  m_Icon: {fileID: 0}
  m_NavMeshLayer: 0
  m_StaticEditorFlags: 0
  m_IsActive: 1
--- !u!4 &2250307849589288234
Transform:
  m_ObjectHideFlags: 0
  m_CorrespondingSourceObject: {fileID: 0}
  m_PrefabInstance: {fileID: 0}
  m_PrefabAsset: {fileID: 0}
  m_GameObject: {fileID: 2250307849589288235}
  m_LocalRotation: {x: -0, y: -0, z: -0, w: 1}
  m_LocalPosition: {x: 0, y: 1.4300001, z: -0.037300076}
  m_LocalScale: {x: 5.689537, y: 0.018987443, z: 2.669887}
  m_Children: []
  m_Father: {fileID: 2635257934759542757}
  m_RootOrder: 4
  m_LocalEulerAnglesHint: {x: 0, y: 0, z: 0}
--- !u!33 &2250307849589288247
MeshFilter:
  m_ObjectHideFlags: 0
  m_CorrespondingSourceObject: {fileID: 0}
  m_PrefabInstance: {fileID: 0}
  m_PrefabAsset: {fileID: 0}
  m_GameObject: {fileID: 2250307849589288235}
  m_Mesh: {fileID: 10202, guid: 0000000000000000e000000000000000, type: 0}
--- !u!23 &2250307849589288232
MeshRenderer:
  m_ObjectHideFlags: 0
  m_CorrespondingSourceObject: {fileID: 0}
  m_PrefabInstance: {fileID: 0}
  m_PrefabAsset: {fileID: 0}
  m_GameObject: {fileID: 2250307849589288235}
  m_Enabled: 1
  m_CastShadows: 1
  m_ReceiveShadows: 1
  m_DynamicOccludee: 1
  m_MotionVectors: 1
  m_LightProbeUsage: 1
  m_ReflectionProbeUsage: 1
  m_RayTracingMode: 2
  m_RenderingLayerMask: 1
  m_RendererPriority: 0
  m_Materials:
  - {fileID: 2100000, guid: d976e8e260c1caa41845cc7119a82676, type: 2}
  m_StaticBatchInfo:
    firstSubMesh: 0
    subMeshCount: 0
  m_StaticBatchRoot: {fileID: 0}
  m_ProbeAnchor: {fileID: 0}
  m_LightProbeVolumeOverride: {fileID: 0}
  m_ScaleInLightmap: 1
  m_ReceiveGI: 1
  m_PreserveUVs: 0
  m_IgnoreNormalsForChartDetection: 0
  m_ImportantGI: 0
  m_StitchLightmapSeams: 1
  m_SelectedEditorRenderState: 3
  m_MinimumChartSize: 4
  m_AutoUVMaxDistance: 0.5
  m_AutoUVMaxAngle: 89
  m_LightmapParameters: {fileID: 0}
  m_SortingLayerID: 0
  m_SortingLayer: 0
  m_SortingOrder: 0
--- !u!65 &2250307849589288233
BoxCollider:
  m_ObjectHideFlags: 0
  m_CorrespondingSourceObject: {fileID: 0}
  m_PrefabInstance: {fileID: 0}
  m_PrefabAsset: {fileID: 0}
  m_GameObject: {fileID: 2250307849589288235}
  m_Material: {fileID: 0}
  m_IsTrigger: 0
  m_Enabled: 0
  serializedVersion: 2
  m_Size: {x: 1, y: 1, z: 1}
  m_Center: {x: 0, y: 0, z: 0}
--- !u!1 &2250307850101957401
GameObject:
  m_ObjectHideFlags: 0
  m_CorrespondingSourceObject: {fileID: 0}
  m_PrefabInstance: {fileID: 0}
  m_PrefabAsset: {fileID: 0}
  serializedVersion: 6
  m_Component:
  - component: {fileID: 2250307850101957400}
  - component: {fileID: 2250307850101957413}
  - component: {fileID: 2250307850101957414}
  - component: {fileID: 2250307850101957415}
  m_Layer: 0
  m_Name: Cube (2)
  m_TagString: Untagged
  m_Icon: {fileID: 0}
  m_NavMeshLayer: 0
  m_StaticEditorFlags: 0
  m_IsActive: 1
--- !u!4 &2250307850101957400
Transform:
  m_ObjectHideFlags: 0
  m_CorrespondingSourceObject: {fileID: 0}
  m_PrefabInstance: {fileID: 0}
  m_PrefabAsset: {fileID: 0}
  m_GameObject: {fileID: 2250307850101957401}
  m_LocalRotation: {x: -0, y: -0, z: -0, w: 1}
  m_LocalPosition: {x: -3.0299988, y: -0.86, z: -0.04399998}
  m_LocalScale: {x: 0.3822035, y: 3.3407562, z: 2.6951947}
  m_Children: []
  m_Father: {fileID: 2635257934759542757}
  m_RootOrder: 2
  m_LocalEulerAnglesHint: {x: 0, y: 0, z: 0}
--- !u!33 &2250307850101957413
MeshFilter:
  m_ObjectHideFlags: 0
  m_CorrespondingSourceObject: {fileID: 0}
  m_PrefabInstance: {fileID: 0}
  m_PrefabAsset: {fileID: 0}
  m_GameObject: {fileID: 2250307850101957401}
  m_Mesh: {fileID: 10202, guid: 0000000000000000e000000000000000, type: 0}
--- !u!23 &2250307850101957414
MeshRenderer:
  m_ObjectHideFlags: 0
  m_CorrespondingSourceObject: {fileID: 0}
  m_PrefabInstance: {fileID: 0}
  m_PrefabAsset: {fileID: 0}
  m_GameObject: {fileID: 2250307850101957401}
  m_Enabled: 1
  m_CastShadows: 1
  m_ReceiveShadows: 1
  m_DynamicOccludee: 1
  m_MotionVectors: 1
  m_LightProbeUsage: 1
  m_ReflectionProbeUsage: 1
  m_RayTracingMode: 2
  m_RenderingLayerMask: 1
  m_RendererPriority: 0
  m_Materials:
  - {fileID: 2100000, guid: 5a0a7e17823f9ef43a4d7495106fa906, type: 2}
  m_StaticBatchInfo:
    firstSubMesh: 0
    subMeshCount: 0
  m_StaticBatchRoot: {fileID: 0}
  m_ProbeAnchor: {fileID: 0}
  m_LightProbeVolumeOverride: {fileID: 0}
  m_ScaleInLightmap: 1
  m_ReceiveGI: 1
  m_PreserveUVs: 0
  m_IgnoreNormalsForChartDetection: 0
  m_ImportantGI: 0
  m_StitchLightmapSeams: 1
  m_SelectedEditorRenderState: 3
  m_MinimumChartSize: 4
  m_AutoUVMaxDistance: 0.5
  m_AutoUVMaxAngle: 89
  m_LightmapParameters: {fileID: 0}
  m_SortingLayerID: 0
  m_SortingLayer: 0
  m_SortingOrder: 0
--- !u!65 &2250307850101957415
BoxCollider:
  m_ObjectHideFlags: 0
  m_CorrespondingSourceObject: {fileID: 0}
  m_PrefabInstance: {fileID: 0}
  m_PrefabAsset: {fileID: 0}
  m_GameObject: {fileID: 2250307850101957401}
  m_Material: {fileID: 0}
  m_IsTrigger: 0
  m_Enabled: 0
  serializedVersion: 2
  m_Size: {x: 1, y: 1, z: 1}
  m_Center: {x: 0, y: 0, z: 0}
--- !u!1 &2250307850361601855
GameObject:
  m_ObjectHideFlags: 0
  m_CorrespondingSourceObject: {fileID: 0}
  m_PrefabInstance: {fileID: 0}
  m_PrefabAsset: {fileID: 0}
  serializedVersion: 6
  m_Component:
  - component: {fileID: 2250307850361601854}
  - component: {fileID: 2250307850361601851}
  - component: {fileID: 2250307850361601852}
  - component: {fileID: 2250307850361601853}
  m_Layer: 0
  m_Name: glass (2)
  m_TagString: Untagged
  m_Icon: {fileID: 0}
  m_NavMeshLayer: 0
  m_StaticEditorFlags: 0
  m_IsActive: 1
--- !u!4 &2250307850361601854
Transform:
  m_ObjectHideFlags: 0
  m_CorrespondingSourceObject: {fileID: 0}
  m_PrefabInstance: {fileID: 0}
  m_PrefabAsset: {fileID: 0}
  m_GameObject: {fileID: 2250307850361601855}
  m_LocalRotation: {x: -0, y: -0, z: -0, w: 1}
  m_LocalPosition: {x: 2.8321, y: 0.83660007, z: -0.031299934}
  m_LocalScale: {x: 0.025548976, y: 1.2058021, z: 2.6698895}
  m_Children: []
  m_Father: {fileID: 2635257934759542757}
  m_RootOrder: 6
  m_LocalEulerAnglesHint: {x: 0, y: 0, z: 0}
--- !u!33 &2250307850361601851
MeshFilter:
  m_ObjectHideFlags: 0
  m_CorrespondingSourceObject: {fileID: 0}
  m_PrefabInstance: {fileID: 0}
  m_PrefabAsset: {fileID: 0}
  m_GameObject: {fileID: 2250307850361601855}
  m_Mesh: {fileID: 10202, guid: 0000000000000000e000000000000000, type: 0}
--- !u!23 &2250307850361601852
MeshRenderer:
  m_ObjectHideFlags: 0
  m_CorrespondingSourceObject: {fileID: 0}
  m_PrefabInstance: {fileID: 0}
  m_PrefabAsset: {fileID: 0}
  m_GameObject: {fileID: 2250307850361601855}
  m_Enabled: 1
  m_CastShadows: 1
  m_ReceiveShadows: 1
  m_DynamicOccludee: 1
  m_MotionVectors: 1
  m_LightProbeUsage: 1
  m_ReflectionProbeUsage: 1
  m_RayTracingMode: 2
  m_RenderingLayerMask: 1
  m_RendererPriority: 0
  m_Materials:
  - {fileID: 2100000, guid: d976e8e260c1caa41845cc7119a82676, type: 2}
  m_StaticBatchInfo:
    firstSubMesh: 0
    subMeshCount: 0
  m_StaticBatchRoot: {fileID: 0}
  m_ProbeAnchor: {fileID: 0}
  m_LightProbeVolumeOverride: {fileID: 0}
  m_ScaleInLightmap: 1
  m_ReceiveGI: 1
  m_PreserveUVs: 0
  m_IgnoreNormalsForChartDetection: 0
  m_ImportantGI: 0
  m_StitchLightmapSeams: 1
  m_SelectedEditorRenderState: 3
  m_MinimumChartSize: 4
  m_AutoUVMaxDistance: 0.5
  m_AutoUVMaxAngle: 89
  m_LightmapParameters: {fileID: 0}
  m_SortingLayerID: 0
  m_SortingLayer: 0
  m_SortingOrder: 0
--- !u!65 &2250307850361601853
BoxCollider:
  m_ObjectHideFlags: 0
  m_CorrespondingSourceObject: {fileID: 0}
  m_PrefabInstance: {fileID: 0}
  m_PrefabAsset: {fileID: 0}
  m_GameObject: {fileID: 2250307850361601855}
  m_Material: {fileID: 0}
  m_IsTrigger: 0
  m_Enabled: 0
  serializedVersion: 2
  m_Size: {x: 1, y: 1, z: 1}
  m_Center: {x: 0, y: 0, z: 0}
--- !u!1 &2250307850630721254
GameObject:
  m_ObjectHideFlags: 0
  m_CorrespondingSourceObject: {fileID: 0}
  m_PrefabInstance: {fileID: 0}
  m_PrefabAsset: {fileID: 0}
  serializedVersion: 6
  m_Component:
  - component: {fileID: 2250307850630721253}
  - component: {fileID: 2250307850630721250}
  - component: {fileID: 2250307850630721251}
  - component: {fileID: 2250307850630721252}
  m_Layer: 0
  m_Name: glass (5)
  m_TagString: Untagged
  m_Icon: {fileID: 0}
  m_NavMeshLayer: 0
  m_StaticEditorFlags: 0
  m_IsActive: 1
--- !u!4 &2250307850630721253
Transform:
  m_ObjectHideFlags: 0
  m_CorrespondingSourceObject: {fileID: 0}
  m_PrefabInstance: {fileID: 0}
  m_PrefabAsset: {fileID: 0}
  m_GameObject: {fileID: 2250307850630721254}
  m_LocalRotation: {x: -0, y: -0, z: -0, w: 1}
  m_LocalPosition: {x: 0, y: 0.8694999, z: -1.362}
  m_LocalScale: {x: 5.68954, y: 1.1399773, z: 0.03642803}
  m_Children: []
  m_Father: {fileID: 2635257934759542757}
  m_RootOrder: 7
  m_LocalEulerAnglesHint: {x: 0, y: 0, z: 0}
--- !u!33 &2250307850630721250
MeshFilter:
  m_ObjectHideFlags: 0
  m_CorrespondingSourceObject: {fileID: 0}
  m_PrefabInstance: {fileID: 0}
  m_PrefabAsset: {fileID: 0}
  m_GameObject: {fileID: 2250307850630721254}
  m_Mesh: {fileID: 10202, guid: 0000000000000000e000000000000000, type: 0}
--- !u!23 &2250307850630721251
MeshRenderer:
  m_ObjectHideFlags: 0
  m_CorrespondingSourceObject: {fileID: 0}
  m_PrefabInstance: {fileID: 0}
  m_PrefabAsset: {fileID: 0}
  m_GameObject: {fileID: 2250307850630721254}
  m_Enabled: 1
  m_CastShadows: 1
  m_ReceiveShadows: 1
  m_DynamicOccludee: 1
  m_MotionVectors: 1
  m_LightProbeUsage: 1
  m_ReflectionProbeUsage: 1
  m_RayTracingMode: 2
  m_RenderingLayerMask: 1
  m_RendererPriority: 0
  m_Materials:
  - {fileID: 2100000, guid: d976e8e260c1caa41845cc7119a82676, type: 2}
  m_StaticBatchInfo:
    firstSubMesh: 0
    subMeshCount: 0
  m_StaticBatchRoot: {fileID: 0}
  m_ProbeAnchor: {fileID: 0}
  m_LightProbeVolumeOverride: {fileID: 0}
  m_ScaleInLightmap: 1
  m_ReceiveGI: 1
  m_PreserveUVs: 0
  m_IgnoreNormalsForChartDetection: 0
  m_ImportantGI: 0
  m_StitchLightmapSeams: 1
  m_SelectedEditorRenderState: 3
  m_MinimumChartSize: 4
  m_AutoUVMaxDistance: 0.5
  m_AutoUVMaxAngle: 89
  m_LightmapParameters: {fileID: 0}
  m_SortingLayerID: 0
  m_SortingLayer: 0
  m_SortingOrder: 0
--- !u!65 &2250307850630721252
BoxCollider:
  m_ObjectHideFlags: 0
  m_CorrespondingSourceObject: {fileID: 0}
  m_PrefabInstance: {fileID: 0}
  m_PrefabAsset: {fileID: 0}
  m_GameObject: {fileID: 2250307850630721254}
  m_Material: {fileID: 0}
  m_IsTrigger: 0
  m_Enabled: 0
  serializedVersion: 2
  m_Size: {x: 1, y: 1, z: 1}
  m_Center: {x: 0, y: 0, z: 0}
--- !u!1 &2250307850787455752
GameObject:
  m_ObjectHideFlags: 0
  m_CorrespondingSourceObject: {fileID: 0}
  m_PrefabInstance: {fileID: 0}
  m_PrefabAsset: {fileID: 0}
  serializedVersion: 6
  m_Component:
  - component: {fileID: 2250307850787455767}
  - component: {fileID: 2250307850787455764}
  - component: {fileID: 2250307850787455765}
  - component: {fileID: 2250307850787455766}
  m_Layer: 0
  m_Name: Cube (4)
  m_TagString: Untagged
  m_Icon: {fileID: 0}
  m_NavMeshLayer: 0
  m_StaticEditorFlags: 0
  m_IsActive: 1
--- !u!4 &2250307850787455767
Transform:
  m_ObjectHideFlags: 0
  m_CorrespondingSourceObject: {fileID: 0}
  m_PrefabInstance: {fileID: 0}
  m_PrefabAsset: {fileID: 0}
  m_GameObject: {fileID: 2250307850787455752}
  m_LocalRotation: {x: -0, y: -0, z: -0, w: 1}
  m_LocalPosition: {x: 0, y: 0.17400002, z: -0.04399998}
  m_LocalScale: {x: 5.3508587, y: 0.43855813, z: 2.2384884}
  m_Children: []
  m_Father: {fileID: 2635257934759542757}
  m_RootOrder: 9
  m_LocalEulerAnglesHint: {x: 0, y: 0, z: 0}
--- !u!33 &2250307850787455764
MeshFilter:
  m_ObjectHideFlags: 0
  m_CorrespondingSourceObject: {fileID: 0}
  m_PrefabInstance: {fileID: 0}
  m_PrefabAsset: {fileID: 0}
  m_GameObject: {fileID: 2250307850787455752}
  m_Mesh: {fileID: 10202, guid: 0000000000000000e000000000000000, type: 0}
--- !u!23 &2250307850787455765
MeshRenderer:
  m_ObjectHideFlags: 0
  m_CorrespondingSourceObject: {fileID: 0}
  m_PrefabInstance: {fileID: 0}
  m_PrefabAsset: {fileID: 0}
  m_GameObject: {fileID: 2250307850787455752}
  m_Enabled: 1
  m_CastShadows: 1
  m_ReceiveShadows: 1
  m_DynamicOccludee: 1
  m_MotionVectors: 1
  m_LightProbeUsage: 1
  m_ReflectionProbeUsage: 1
  m_RayTracingMode: 2
  m_RenderingLayerMask: 1
  m_RendererPriority: 0
  m_Materials:
  - {fileID: 2100000, guid: 6712007d63058934e854e0831cb42339, type: 2}
  m_StaticBatchInfo:
    firstSubMesh: 0
    subMeshCount: 0
  m_StaticBatchRoot: {fileID: 0}
  m_ProbeAnchor: {fileID: 0}
  m_LightProbeVolumeOverride: {fileID: 0}
  m_ScaleInLightmap: 1
  m_ReceiveGI: 1
  m_PreserveUVs: 0
  m_IgnoreNormalsForChartDetection: 0
  m_ImportantGI: 0
  m_StitchLightmapSeams: 1
  m_SelectedEditorRenderState: 3
  m_MinimumChartSize: 4
  m_AutoUVMaxDistance: 0.5
  m_AutoUVMaxAngle: 89
  m_LightmapParameters: {fileID: 0}
  m_SortingLayerID: 0
  m_SortingLayer: 0
  m_SortingOrder: 0
--- !u!65 &2250307850787455766
BoxCollider:
  m_ObjectHideFlags: 0
  m_CorrespondingSourceObject: {fileID: 0}
  m_PrefabInstance: {fileID: 0}
  m_PrefabAsset: {fileID: 0}
  m_GameObject: {fileID: 2250307850787455752}
  m_Material: {fileID: 0}
  m_IsTrigger: 0
  m_Enabled: 0
  serializedVersion: 2
  m_Size: {x: 1, y: 1, z: 1}
  m_Center: {x: 0, y: 0, z: 0}
--- !u!1 &2250307850928827869
GameObject:
  m_ObjectHideFlags: 0
  m_CorrespondingSourceObject: {fileID: 0}
  m_PrefabInstance: {fileID: 0}
  m_PrefabAsset: {fileID: 0}
  serializedVersion: 6
  m_Component:
  - component: {fileID: 2250307850928827868}
  - component: {fileID: 2250307850928827865}
  - component: {fileID: 2250307850928827866}
  - component: {fileID: 2250307850928827867}
  m_Layer: 0
  m_Name: glass (6)
  m_TagString: Untagged
  m_Icon: {fileID: 0}
  m_NavMeshLayer: 0
  m_StaticEditorFlags: 0
  m_IsActive: 1
--- !u!4 &2250307850928827868
Transform:
  m_ObjectHideFlags: 0
  m_CorrespondingSourceObject: {fileID: 0}
  m_PrefabInstance: {fileID: 0}
  m_PrefabAsset: {fileID: 0}
  m_GameObject: {fileID: 2250307850928827869}
  m_LocalRotation: {x: -0, y: -0, z: -0, w: 1}
  m_LocalPosition: {x: -2.8321, y: 0.83660007, z: -0.031299934}
  m_LocalScale: {x: 0.025548976, y: 1.2058021, z: 2.6698895}
  m_Children: []
  m_Father: {fileID: 2635257934759542757}
  m_RootOrder: 8
  m_LocalEulerAnglesHint: {x: 0, y: 0, z: 0}
--- !u!33 &2250307850928827865
MeshFilter:
  m_ObjectHideFlags: 0
  m_CorrespondingSourceObject: {fileID: 0}
  m_PrefabInstance: {fileID: 0}
  m_PrefabAsset: {fileID: 0}
  m_GameObject: {fileID: 2250307850928827869}
  m_Mesh: {fileID: 10202, guid: 0000000000000000e000000000000000, type: 0}
--- !u!23 &2250307850928827866
MeshRenderer:
  m_ObjectHideFlags: 0
  m_CorrespondingSourceObject: {fileID: 0}
  m_PrefabInstance: {fileID: 0}
  m_PrefabAsset: {fileID: 0}
  m_GameObject: {fileID: 2250307850928827869}
  m_Enabled: 1
  m_CastShadows: 1
  m_ReceiveShadows: 1
  m_DynamicOccludee: 1
  m_MotionVectors: 1
  m_LightProbeUsage: 1
  m_ReflectionProbeUsage: 1
  m_RayTracingMode: 2
  m_RenderingLayerMask: 1
  m_RendererPriority: 0
  m_Materials:
  - {fileID: 2100000, guid: d976e8e260c1caa41845cc7119a82676, type: 2}
  m_StaticBatchInfo:
    firstSubMesh: 0
    subMeshCount: 0
  m_StaticBatchRoot: {fileID: 0}
  m_ProbeAnchor: {fileID: 0}
  m_LightProbeVolumeOverride: {fileID: 0}
  m_ScaleInLightmap: 1
  m_ReceiveGI: 1
  m_PreserveUVs: 0
  m_IgnoreNormalsForChartDetection: 0
  m_ImportantGI: 0
  m_StitchLightmapSeams: 1
  m_SelectedEditorRenderState: 3
  m_MinimumChartSize: 4
  m_AutoUVMaxDistance: 0.5
  m_AutoUVMaxAngle: 89
  m_LightmapParameters: {fileID: 0}
  m_SortingLayerID: 0
  m_SortingLayer: 0
  m_SortingOrder: 0
--- !u!65 &2250307850928827867
BoxCollider:
  m_ObjectHideFlags: 0
  m_CorrespondingSourceObject: {fileID: 0}
  m_PrefabInstance: {fileID: 0}
  m_PrefabAsset: {fileID: 0}
  m_GameObject: {fileID: 2250307850928827869}
  m_Material: {fileID: 0}
  m_IsTrigger: 0
  m_Enabled: 0
  serializedVersion: 2
  m_Size: {x: 1, y: 1, z: 1}
  m_Center: {x: 0, y: 0, z: 0}
--- !u!1 &2250307851102083918
GameObject:
  m_ObjectHideFlags: 0
  m_CorrespondingSourceObject: {fileID: 0}
  m_PrefabInstance: {fileID: 0}
  m_PrefabAsset: {fileID: 0}
  serializedVersion: 6
  m_Component:
  - component: {fileID: 2250307851102083917}
  - component: {fileID: 2250307851102083914}
  - component: {fileID: 2250307851102083915}
  - component: {fileID: 2250307851102083916}
  m_Layer: 0
  m_Name: Cube
  m_TagString: Untagged
  m_Icon: {fileID: 0}
  m_NavMeshLayer: 0
  m_StaticEditorFlags: 0
  m_IsActive: 1
--- !u!4 &2250307851102083917
Transform:
  m_ObjectHideFlags: 0
  m_CorrespondingSourceObject: {fileID: 0}
  m_PrefabInstance: {fileID: 0}
  m_PrefabAsset: {fileID: 0}
  m_GameObject: {fileID: 2250307851102083918}
  m_LocalRotation: {x: -0, y: -0, z: -0, w: 1}
  m_LocalPosition: {x: 0, y: 0.07999998, z: -0.04399998}
  m_LocalScale: {x: 5.689534, y: 0.43855813, z: 2.6951947}
  m_Children: []
  m_Father: {fileID: 2635257934759542757}
  m_RootOrder: 0
  m_LocalEulerAnglesHint: {x: 0, y: 0, z: 0}
--- !u!33 &2250307851102083914
MeshFilter:
  m_ObjectHideFlags: 0
  m_CorrespondingSourceObject: {fileID: 0}
  m_PrefabInstance: {fileID: 0}
  m_PrefabAsset: {fileID: 0}
  m_GameObject: {fileID: 2250307851102083918}
  m_Mesh: {fileID: 10202, guid: 0000000000000000e000000000000000, type: 0}
--- !u!23 &2250307851102083915
MeshRenderer:
  m_ObjectHideFlags: 0
  m_CorrespondingSourceObject: {fileID: 0}
  m_PrefabInstance: {fileID: 0}
  m_PrefabAsset: {fileID: 0}
  m_GameObject: {fileID: 2250307851102083918}
  m_Enabled: 1
  m_CastShadows: 1
  m_ReceiveShadows: 1
  m_DynamicOccludee: 1
  m_MotionVectors: 1
  m_LightProbeUsage: 1
  m_ReflectionProbeUsage: 1
  m_RayTracingMode: 2
  m_RenderingLayerMask: 1
  m_RendererPriority: 0
  m_Materials:
  - {fileID: 2100000, guid: 5a0a7e17823f9ef43a4d7495106fa906, type: 2}
  m_StaticBatchInfo:
    firstSubMesh: 0
    subMeshCount: 0
  m_StaticBatchRoot: {fileID: 0}
  m_ProbeAnchor: {fileID: 0}
  m_LightProbeVolumeOverride: {fileID: 0}
  m_ScaleInLightmap: 1
  m_ReceiveGI: 1
  m_PreserveUVs: 0
  m_IgnoreNormalsForChartDetection: 0
  m_ImportantGI: 0
  m_StitchLightmapSeams: 1
  m_SelectedEditorRenderState: 3
  m_MinimumChartSize: 4
  m_AutoUVMaxDistance: 0.5
  m_AutoUVMaxAngle: 89
  m_LightmapParameters: {fileID: 0}
  m_SortingLayerID: 0
  m_SortingLayer: 0
  m_SortingOrder: 0
--- !u!65 &2250307851102083916
BoxCollider:
  m_ObjectHideFlags: 0
  m_CorrespondingSourceObject: {fileID: 0}
  m_PrefabInstance: {fileID: 0}
  m_PrefabAsset: {fileID: 0}
  m_GameObject: {fileID: 2250307851102083918}
  m_Material: {fileID: 0}
  m_IsTrigger: 0
  m_Enabled: 0
  serializedVersion: 2
  m_Size: {x: 1, y: 1, z: 1}
  m_Center: {x: 0, y: 0, z: 0}
--- !u!1 &2250307851423813680
GameObject:
  m_ObjectHideFlags: 0
  m_CorrespondingSourceObject: {fileID: 0}
  m_PrefabInstance: {fileID: 0}
  m_PrefabAsset: {fileID: 0}
  serializedVersion: 6
  m_Component:
  - component: {fileID: 2250307851423813695}
  - component: {fileID: 2307228598966952184}
  m_Layer: 0
  m_Name: shelfDisplay
  m_TagString: Untagged
  m_Icon: {fileID: 0}
  m_NavMeshLayer: 0
  m_StaticEditorFlags: 0
  m_IsActive: 1
--- !u!4 &2250307851423813695
Transform:
  m_ObjectHideFlags: 0
  m_CorrespondingSourceObject: {fileID: 0}
  m_PrefabInstance: {fileID: 0}
  m_PrefabAsset: {fileID: 0}
  m_GameObject: {fileID: 2250307851423813680}
  m_LocalRotation: {x: 0, y: 0, z: 0, w: 1}
  m_LocalPosition: {x: 0, y: 0, z: 0}
  m_LocalScale: {x: 1, y: 1, z: 1}
  m_Children:
  - {fileID: 2635257934759542757}
  - {fileID: 6282909212369267222}
  - {fileID: 5393966387727255872}
  - {fileID: 5393966387674024029}
  - {fileID: 5393966386116439643}
  - {fileID: 5393966386447483987}
  - {fileID: 5393966386276409702}
  m_Father: {fileID: 0}
  m_RootOrder: 0
  m_LocalEulerAnglesHint: {x: 0, y: 0, z: 0}
--- !u!114 &2307228598966952184
MonoBehaviour:
  m_ObjectHideFlags: 0
  m_CorrespondingSourceObject: {fileID: 0}
  m_PrefabInstance: {fileID: 0}
  m_PrefabAsset: {fileID: 0}
  m_GameObject: {fileID: 2250307851423813680}
  m_Enabled: 1
  m_EditorHideFlags: 0
  m_Script: {fileID: 11500000, guid: f43868d47e3758f4c8f3f2e6bf197b1d, type: 3}
  m_Name: 
  m_EditorClassIdentifier: 
  itemSlots:
  - {fileID: 5790513303810866916}
  - {fileID: 5599766891175091634}
  - {fileID: 5599766891085716655}
  - {fileID: 5599766892781992617}
  - {fileID: 5599766892576559265}
  - {fileID: 5599766892491994516}
--- !u!1 &2250307851429406290
GameObject:
  m_ObjectHideFlags: 0
  m_CorrespondingSourceObject: {fileID: 0}
  m_PrefabInstance: {fileID: 0}
  m_PrefabAsset: {fileID: 0}
  serializedVersion: 6
  m_Component:
  - component: {fileID: 2250307851429406289}
  - component: {fileID: 2250307851429406302}
  - component: {fileID: 2250307851429406303}
  - component: {fileID: 2250307851429406288}
  m_Layer: 0
  m_Name: glass (1)
  m_TagString: Untagged
  m_Icon: {fileID: 0}
  m_NavMeshLayer: 0
  m_StaticEditorFlags: 0
  m_IsActive: 1
--- !u!4 &2250307851429406289
Transform:
  m_ObjectHideFlags: 0
  m_CorrespondingSourceObject: {fileID: 0}
  m_PrefabInstance: {fileID: 0}
  m_PrefabAsset: {fileID: 0}
  m_GameObject: {fileID: 2250307851429406290}
  m_LocalRotation: {x: -0, y: -0, z: -0, w: 1}
  m_LocalPosition: {x: 0, y: 0.8694999, z: 1.2852999}
  m_LocalScale: {x: 5.68954, y: 1.1399773, z: 0.03642803}
  m_Children: []
  m_Father: {fileID: 2635257934759542757}
  m_RootOrder: 5
  m_LocalEulerAnglesHint: {x: 0, y: 0, z: 0}
--- !u!33 &2250307851429406302
MeshFilter:
  m_ObjectHideFlags: 0
  m_CorrespondingSourceObject: {fileID: 0}
  m_PrefabInstance: {fileID: 0}
  m_PrefabAsset: {fileID: 0}
  m_GameObject: {fileID: 2250307851429406290}
  m_Mesh: {fileID: 10202, guid: 0000000000000000e000000000000000, type: 0}
--- !u!23 &2250307851429406303
MeshRenderer:
  m_ObjectHideFlags: 0
  m_CorrespondingSourceObject: {fileID: 0}
  m_PrefabInstance: {fileID: 0}
  m_PrefabAsset: {fileID: 0}
  m_GameObject: {fileID: 2250307851429406290}
  m_Enabled: 1
  m_CastShadows: 1
  m_ReceiveShadows: 1
  m_DynamicOccludee: 1
  m_MotionVectors: 1
  m_LightProbeUsage: 1
  m_ReflectionProbeUsage: 1
  m_RayTracingMode: 2
  m_RenderingLayerMask: 1
  m_RendererPriority: 0
  m_Materials:
  - {fileID: 2100000, guid: d976e8e260c1caa41845cc7119a82676, type: 2}
  m_StaticBatchInfo:
    firstSubMesh: 0
    subMeshCount: 0
  m_StaticBatchRoot: {fileID: 0}
  m_ProbeAnchor: {fileID: 0}
  m_LightProbeVolumeOverride: {fileID: 0}
  m_ScaleInLightmap: 1
  m_ReceiveGI: 1
  m_PreserveUVs: 0
  m_IgnoreNormalsForChartDetection: 0
  m_ImportantGI: 0
  m_StitchLightmapSeams: 1
  m_SelectedEditorRenderState: 3
  m_MinimumChartSize: 4
  m_AutoUVMaxDistance: 0.5
  m_AutoUVMaxAngle: 89
  m_LightmapParameters: {fileID: 0}
  m_SortingLayerID: 0
  m_SortingLayer: 0
  m_SortingOrder: 0
--- !u!65 &2250307851429406288
BoxCollider:
  m_ObjectHideFlags: 0
  m_CorrespondingSourceObject: {fileID: 0}
  m_PrefabInstance: {fileID: 0}
  m_PrefabAsset: {fileID: 0}
  m_GameObject: {fileID: 2250307851429406290}
  m_Material: {fileID: 0}
  m_IsTrigger: 0
  m_Enabled: 0
  serializedVersion: 2
  m_Size: {x: 1, y: 1, z: 1}
  m_Center: {x: 0, y: 0, z: 0}
--- !u!1 &2250307851433867593
GameObject:
  m_ObjectHideFlags: 0
  m_CorrespondingSourceObject: {fileID: 0}
  m_PrefabInstance: {fileID: 0}
  m_PrefabAsset: {fileID: 0}
  serializedVersion: 6
  m_Component:
  - component: {fileID: 2250307851433867592}
  - component: {fileID: 2250307851433867605}
  - component: {fileID: 2250307851433867606}
  - component: {fileID: 2250307851433867607}
  m_Layer: 0
  m_Name: Cube (3)
  m_TagString: Untagged
  m_Icon: {fileID: 0}
  m_NavMeshLayer: 0
  m_StaticEditorFlags: 0
  m_IsActive: 1
--- !u!4 &2250307851433867592
Transform:
  m_ObjectHideFlags: 0
  m_CorrespondingSourceObject: {fileID: 0}
  m_PrefabInstance: {fileID: 0}
  m_PrefabAsset: {fileID: 0}
  m_GameObject: {fileID: 2250307851433867593}
  m_LocalRotation: {x: -0, y: -0, z: -0, w: 1}
  m_LocalPosition: {x: 0, y: -1.169, z: -0.04399998}
  m_LocalScale: {x: 5.6895323, y: 2.1448843, z: 1.5519309}
  m_Children: []
  m_Father: {fileID: 2635257934759542757}
  m_RootOrder: 3
  m_LocalEulerAnglesHint: {x: 0, y: 0, z: 0}
--- !u!33 &2250307851433867605
MeshFilter:
  m_ObjectHideFlags: 0
  m_CorrespondingSourceObject: {fileID: 0}
  m_PrefabInstance: {fileID: 0}
  m_PrefabAsset: {fileID: 0}
  m_GameObject: {fileID: 2250307851433867593}
  m_Mesh: {fileID: 10202, guid: 0000000000000000e000000000000000, type: 0}
--- !u!23 &2250307851433867606
MeshRenderer:
  m_ObjectHideFlags: 0
  m_CorrespondingSourceObject: {fileID: 0}
  m_PrefabInstance: {fileID: 0}
  m_PrefabAsset: {fileID: 0}
  m_GameObject: {fileID: 2250307851433867593}
  m_Enabled: 1
  m_CastShadows: 1
  m_ReceiveShadows: 1
  m_DynamicOccludee: 1
  m_MotionVectors: 1
  m_LightProbeUsage: 1
  m_ReflectionProbeUsage: 1
  m_RayTracingMode: 2
  m_RenderingLayerMask: 1
  m_RendererPriority: 0
  m_Materials:
  - {fileID: 2100000, guid: 5a0a7e17823f9ef43a4d7495106fa906, type: 2}
  m_StaticBatchInfo:
    firstSubMesh: 0
    subMeshCount: 0
  m_StaticBatchRoot: {fileID: 0}
  m_ProbeAnchor: {fileID: 0}
  m_LightProbeVolumeOverride: {fileID: 0}
  m_ScaleInLightmap: 1
  m_ReceiveGI: 1
  m_PreserveUVs: 0
  m_IgnoreNormalsForChartDetection: 0
  m_ImportantGI: 0
  m_StitchLightmapSeams: 1
  m_SelectedEditorRenderState: 3
  m_MinimumChartSize: 4
  m_AutoUVMaxDistance: 0.5
  m_AutoUVMaxAngle: 89
  m_LightmapParameters: {fileID: 0}
  m_SortingLayerID: 0
  m_SortingLayer: 0
  m_SortingOrder: 0
--- !u!65 &2250307851433867607
BoxCollider:
  m_ObjectHideFlags: 0
  m_CorrespondingSourceObject: {fileID: 0}
  m_PrefabInstance: {fileID: 0}
  m_PrefabAsset: {fileID: 0}
  m_GameObject: {fileID: 2250307851433867593}
  m_Material: {fileID: 0}
  m_IsTrigger: 0
  m_Enabled: 0
  serializedVersion: 2
  m_Size: {x: 1, y: 1, z: 1}
  m_Center: {x: 0, y: 0, z: 0}
--- !u!1 &2250307851448917161
GameObject:
  m_ObjectHideFlags: 0
  m_CorrespondingSourceObject: {fileID: 0}
  m_PrefabInstance: {fileID: 0}
  m_PrefabAsset: {fileID: 0}
  serializedVersion: 6
  m_Component:
  - component: {fileID: 2250307851448917160}
  - component: {fileID: 2250307851448917173}
  - component: {fileID: 2250307851448917174}
  - component: {fileID: 2250307851448917175}
  m_Layer: 0
  m_Name: Cube (1)
  m_TagString: Untagged
  m_Icon: {fileID: 0}
  m_NavMeshLayer: 0
  m_StaticEditorFlags: 0
  m_IsActive: 1
--- !u!4 &2250307851448917160
Transform:
  m_ObjectHideFlags: 0
  m_CorrespondingSourceObject: {fileID: 0}
  m_PrefabInstance: {fileID: 0}
  m_PrefabAsset: {fileID: 0}
  m_GameObject: {fileID: 2250307851448917161}
  m_LocalRotation: {x: -0, y: -0, z: -0, w: 1}
  m_LocalPosition: {x: 3.0099983, y: -0.86, z: -0.04399998}
  m_LocalScale: {x: 0.3822035, y: 3.3407562, z: 2.6951947}
  m_Children: []
  m_Father: {fileID: 2635257934759542757}
  m_RootOrder: 1
  m_LocalEulerAnglesHint: {x: 0, y: 0, z: 0}
--- !u!33 &2250307851448917173
MeshFilter:
  m_ObjectHideFlags: 0
  m_CorrespondingSourceObject: {fileID: 0}
  m_PrefabInstance: {fileID: 0}
  m_PrefabAsset: {fileID: 0}
  m_GameObject: {fileID: 2250307851448917161}
  m_Mesh: {fileID: 10202, guid: 0000000000000000e000000000000000, type: 0}
--- !u!23 &2250307851448917174
MeshRenderer:
  m_ObjectHideFlags: 0
  m_CorrespondingSourceObject: {fileID: 0}
  m_PrefabInstance: {fileID: 0}
  m_PrefabAsset: {fileID: 0}
  m_GameObject: {fileID: 2250307851448917161}
  m_Enabled: 1
  m_CastShadows: 1
  m_ReceiveShadows: 1
  m_DynamicOccludee: 1
  m_MotionVectors: 1
  m_LightProbeUsage: 1
  m_ReflectionProbeUsage: 1
  m_RayTracingMode: 2
  m_RenderingLayerMask: 1
  m_RendererPriority: 0
  m_Materials:
  - {fileID: 2100000, guid: 5a0a7e17823f9ef43a4d7495106fa906, type: 2}
  m_StaticBatchInfo:
    firstSubMesh: 0
    subMeshCount: 0
  m_StaticBatchRoot: {fileID: 0}
  m_ProbeAnchor: {fileID: 0}
  m_LightProbeVolumeOverride: {fileID: 0}
  m_ScaleInLightmap: 1
  m_ReceiveGI: 1
  m_PreserveUVs: 0
  m_IgnoreNormalsForChartDetection: 0
  m_ImportantGI: 0
  m_StitchLightmapSeams: 1
  m_SelectedEditorRenderState: 3
  m_MinimumChartSize: 4
  m_AutoUVMaxDistance: 0.5
  m_AutoUVMaxAngle: 89
  m_LightmapParameters: {fileID: 0}
  m_SortingLayerID: 0
  m_SortingLayer: 0
  m_SortingOrder: 0
--- !u!65 &2250307851448917175
BoxCollider:
  m_ObjectHideFlags: 0
  m_CorrespondingSourceObject: {fileID: 0}
  m_PrefabInstance: {fileID: 0}
  m_PrefabAsset: {fileID: 0}
  m_GameObject: {fileID: 2250307851448917161}
  m_Material: {fileID: 0}
  m_IsTrigger: 0
  m_Enabled: 0
  serializedVersion: 2
  m_Size: {x: 1, y: 1, z: 1}
  m_Center: {x: 0, y: 0, z: 0}
--- !u!1001 &202913131693564586
PrefabInstance:
  m_ObjectHideFlags: 0
  serializedVersion: 2
  m_Modification:
    m_TransformParent: {fileID: 2250307851423813695}
    m_Modifications:
    - target: {fileID: 1030600231394463662, guid: 87af9214f7040c54ca981802413be244,
        type: 3}
      propertyPath: m_Name
      value: ItemStorageHolder
      objectReference: {fileID: 0}
    - target: {fileID: 2155631554098609370, guid: 87af9214f7040c54ca981802413be244,
        type: 3}
      propertyPath: m_LocalScale.x
      value: 1
      objectReference: {fileID: 0}
    - target: {fileID: 2155631554098609370, guid: 87af9214f7040c54ca981802413be244,
        type: 3}
      propertyPath: m_LocalScale.y
      value: 1
      objectReference: {fileID: 0}
    - target: {fileID: 2155631554098609370, guid: 87af9214f7040c54ca981802413be244,
        type: 3}
      propertyPath: m_LocalScale.z
      value: 1
      objectReference: {fileID: 0}
    - target: {fileID: 6188373361296918716, guid: 87af9214f7040c54ca981802413be244,
        type: 3}
      propertyPath: m_LocalPosition.x
      value: -1.19
      objectReference: {fileID: 0}
    - target: {fileID: 6188373361296918716, guid: 87af9214f7040c54ca981802413be244,
        type: 3}
      propertyPath: m_LocalPosition.y
      value: 2.0700002
      objectReference: {fileID: 0}
    - target: {fileID: 6188373361296918716, guid: 87af9214f7040c54ca981802413be244,
        type: 3}
      propertyPath: m_LocalPosition.z
      value: 0.49
      objectReference: {fileID: 0}
    - target: {fileID: 6188373361296918716, guid: 87af9214f7040c54ca981802413be244,
        type: 3}
      propertyPath: m_LocalRotation.x
      value: 0
      objectReference: {fileID: 0}
    - target: {fileID: 6188373361296918716, guid: 87af9214f7040c54ca981802413be244,
        type: 3}
      propertyPath: m_LocalRotation.y
      value: 0
      objectReference: {fileID: 0}
    - target: {fileID: 6188373361296918716, guid: 87af9214f7040c54ca981802413be244,
        type: 3}
      propertyPath: m_LocalRotation.z
      value: 0
      objectReference: {fileID: 0}
    - target: {fileID: 6188373361296918716, guid: 87af9214f7040c54ca981802413be244,
        type: 3}
      propertyPath: m_LocalRotation.w
      value: 1
      objectReference: {fileID: 0}
    - target: {fileID: 6188373361296918716, guid: 87af9214f7040c54ca981802413be244,
        type: 3}
      propertyPath: m_RootOrder
      value: 1
      objectReference: {fileID: 0}
    - target: {fileID: 6188373361296918716, guid: 87af9214f7040c54ca981802413be244,
        type: 3}
      propertyPath: m_LocalEulerAnglesHint.x
      value: 0
      objectReference: {fileID: 0}
    - target: {fileID: 6188373361296918716, guid: 87af9214f7040c54ca981802413be244,
        type: 3}
      propertyPath: m_LocalEulerAnglesHint.y
      value: 0
      objectReference: {fileID: 0}
    - target: {fileID: 6188373361296918716, guid: 87af9214f7040c54ca981802413be244,
        type: 3}
      propertyPath: m_LocalEulerAnglesHint.z
      value: 0
      objectReference: {fileID: 0}
    m_RemovedComponents: []
  m_SourcePrefab: {fileID: 100100000, guid: 87af9214f7040c54ca981802413be244, type: 3}
--- !u!114 &5790513303810866916 stripped
MonoBehaviour:
  m_CorrespondingSourceObject: {fileID: 5948390069433441358, guid: 87af9214f7040c54ca981802413be244,
    type: 3}
  m_PrefabInstance: {fileID: 202913131693564586}
  m_PrefabAsset: {fileID: 0}
  m_GameObject: {fileID: 0}
  m_Enabled: 1
  m_EditorHideFlags: 0
  m_Script: {fileID: 11500000, guid: c894c38e350e0d84fa9b3516eaaf74ec, type: 3}
  m_Name: 
  m_EditorClassIdentifier: 
--- !u!4 &6282909212369267222 stripped
Transform:
  m_CorrespondingSourceObject: {fileID: 6188373361296918716, guid: 87af9214f7040c54ca981802413be244,
    type: 3}
  m_PrefabInstance: {fileID: 202913131693564586}
  m_PrefabAsset: {fileID: 0}
--- !u!1001 &2250307849456632033
PrefabInstance:
  m_ObjectHideFlags: 0
  serializedVersion: 2
  m_Modification:
    m_TransformParent: {fileID: 2250307851423813695}
    m_Modifications:
    - target: {fileID: 1030600231394463662, guid: 87af9214f7040c54ca981802413be244,
        type: 3}
      propertyPath: m_Name
      value: ItemStorageHolder (2)
      objectReference: {fileID: 0}
    - target: {fileID: 2155631554098609370, guid: 87af9214f7040c54ca981802413be244,
        type: 3}
      propertyPath: m_LocalScale.x
      value: 1
      objectReference: {fileID: 0}
    - target: {fileID: 2155631554098609370, guid: 87af9214f7040c54ca981802413be244,
        type: 3}
      propertyPath: m_LocalScale.y
      value: 1
      objectReference: {fileID: 0}
    - target: {fileID: 2155631554098609370, guid: 87af9214f7040c54ca981802413be244,
        type: 3}
      propertyPath: m_LocalScale.z
      value: 1
      objectReference: {fileID: 0}
    - target: {fileID: 6188373361296918716, guid: 87af9214f7040c54ca981802413be244,
        type: 3}
      propertyPath: m_LocalPosition.x
      value: 1.12
      objectReference: {fileID: 0}
    - target: {fileID: 6188373361296918716, guid: 87af9214f7040c54ca981802413be244,
        type: 3}
      propertyPath: m_LocalPosition.y
      value: 2.07
      objectReference: {fileID: 0}
    - target: {fileID: 6188373361296918716, guid: 87af9214f7040c54ca981802413be244,
        type: 3}
      propertyPath: m_LocalPosition.z
      value: 0.49
      objectReference: {fileID: 0}
    - target: {fileID: 6188373361296918716, guid: 87af9214f7040c54ca981802413be244,
        type: 3}
      propertyPath: m_LocalRotation.x
      value: 0
      objectReference: {fileID: 0}
    - target: {fileID: 6188373361296918716, guid: 87af9214f7040c54ca981802413be244,
        type: 3}
      propertyPath: m_LocalRotation.y
      value: 0
      objectReference: {fileID: 0}
    - target: {fileID: 6188373361296918716, guid: 87af9214f7040c54ca981802413be244,
        type: 3}
      propertyPath: m_LocalRotation.z
      value: 0
      objectReference: {fileID: 0}
    - target: {fileID: 6188373361296918716, guid: 87af9214f7040c54ca981802413be244,
        type: 3}
      propertyPath: m_LocalRotation.w
      value: 1
      objectReference: {fileID: 0}
    - target: {fileID: 6188373361296918716, guid: 87af9214f7040c54ca981802413be244,
        type: 3}
      propertyPath: m_RootOrder
      value: 3
      objectReference: {fileID: 0}
    - target: {fileID: 6188373361296918716, guid: 87af9214f7040c54ca981802413be244,
        type: 3}
      propertyPath: m_LocalEulerAnglesHint.x
      value: 0
      objectReference: {fileID: 0}
    - target: {fileID: 6188373361296918716, guid: 87af9214f7040c54ca981802413be244,
        type: 3}
      propertyPath: m_LocalEulerAnglesHint.y
      value: 0
      objectReference: {fileID: 0}
    - target: {fileID: 6188373361296918716, guid: 87af9214f7040c54ca981802413be244,
        type: 3}
      propertyPath: m_LocalEulerAnglesHint.z
      value: 0
      objectReference: {fileID: 0}
    m_RemovedComponents: []
  m_SourcePrefab: {fileID: 100100000, guid: 87af9214f7040c54ca981802413be244, type: 3}
--- !u!4 &5393966387674024029 stripped
Transform:
  m_CorrespondingSourceObject: {fileID: 6188373361296918716, guid: 87af9214f7040c54ca981802413be244,
    type: 3}
  m_PrefabInstance: {fileID: 2250307849456632033}
  m_PrefabAsset: {fileID: 0}
--- !u!114 &5599766891085716655 stripped
MonoBehaviour:
  m_CorrespondingSourceObject: {fileID: 5948390069433441358, guid: 87af9214f7040c54ca981802413be244,
    type: 3}
  m_PrefabInstance: {fileID: 2250307849456632033}
  m_PrefabAsset: {fileID: 0}
  m_GameObject: {fileID: 0}
  m_Enabled: 1
  m_EditorHideFlags: 0
  m_Script: {fileID: 11500000, guid: c894c38e350e0d84fa9b3516eaaf74ec, type: 3}
  m_Name: 
  m_EditorClassIdentifier: 
--- !u!1001 &2250307849546007036
PrefabInstance:
  m_ObjectHideFlags: 0
  serializedVersion: 2
  m_Modification:
    m_TransformParent: {fileID: 2250307851423813695}
    m_Modifications:
    - target: {fileID: 1030600231394463662, guid: 87af9214f7040c54ca981802413be244,
        type: 3}
      propertyPath: m_Name
      value: ItemStorageHolder (1)
      objectReference: {fileID: 0}
    - target: {fileID: 2155631554098609370, guid: 87af9214f7040c54ca981802413be244,
        type: 3}
      propertyPath: m_LocalScale.x
      value: 1
      objectReference: {fileID: 0}
    - target: {fileID: 2155631554098609370, guid: 87af9214f7040c54ca981802413be244,
        type: 3}
      propertyPath: m_LocalScale.y
      value: 1
      objectReference: {fileID: 0}
    - target: {fileID: 2155631554098609370, guid: 87af9214f7040c54ca981802413be244,
        type: 3}
      propertyPath: m_LocalScale.z
      value: 1
      objectReference: {fileID: 0}
    - target: {fileID: 6188373361296918716, guid: 87af9214f7040c54ca981802413be244,
        type: 3}
      propertyPath: m_LocalPosition.x
      value: -0.06
      objectReference: {fileID: 0}
    - target: {fileID: 6188373361296918716, guid: 87af9214f7040c54ca981802413be244,
        type: 3}
      propertyPath: m_LocalPosition.y
      value: 2.0700002
      objectReference: {fileID: 0}
    - target: {fileID: 6188373361296918716, guid: 87af9214f7040c54ca981802413be244,
        type: 3}
      propertyPath: m_LocalPosition.z
      value: 0.49
      objectReference: {fileID: 0}
    - target: {fileID: 6188373361296918716, guid: 87af9214f7040c54ca981802413be244,
        type: 3}
      propertyPath: m_LocalRotation.x
      value: 0
      objectReference: {fileID: 0}
    - target: {fileID: 6188373361296918716, guid: 87af9214f7040c54ca981802413be244,
        type: 3}
      propertyPath: m_LocalRotation.y
      value: 0
      objectReference: {fileID: 0}
    - target: {fileID: 6188373361296918716, guid: 87af9214f7040c54ca981802413be244,
        type: 3}
      propertyPath: m_LocalRotation.z
      value: 0
      objectReference: {fileID: 0}
    - target: {fileID: 6188373361296918716, guid: 87af9214f7040c54ca981802413be244,
        type: 3}
      propertyPath: m_LocalRotation.w
      value: 1
      objectReference: {fileID: 0}
    - target: {fileID: 6188373361296918716, guid: 87af9214f7040c54ca981802413be244,
        type: 3}
      propertyPath: m_RootOrder
      value: 2
      objectReference: {fileID: 0}
    - target: {fileID: 6188373361296918716, guid: 87af9214f7040c54ca981802413be244,
        type: 3}
      propertyPath: m_LocalEulerAnglesHint.x
      value: 0
      objectReference: {fileID: 0}
    - target: {fileID: 6188373361296918716, guid: 87af9214f7040c54ca981802413be244,
        type: 3}
      propertyPath: m_LocalEulerAnglesHint.y
      value: 0
      objectReference: {fileID: 0}
    - target: {fileID: 6188373361296918716, guid: 87af9214f7040c54ca981802413be244,
        type: 3}
      propertyPath: m_LocalEulerAnglesHint.z
      value: 0
      objectReference: {fileID: 0}
    m_RemovedComponents: []
  m_SourcePrefab: {fileID: 100100000, guid: 87af9214f7040c54ca981802413be244, type: 3}
--- !u!114 &5599766891175091634 stripped
MonoBehaviour:
  m_CorrespondingSourceObject: {fileID: 5948390069433441358, guid: 87af9214f7040c54ca981802413be244,
    type: 3}
  m_PrefabInstance: {fileID: 2250307849546007036}
  m_PrefabAsset: {fileID: 0}
  m_GameObject: {fileID: 0}
  m_Enabled: 1
  m_EditorHideFlags: 0
  m_Script: {fileID: 11500000, guid: c894c38e350e0d84fa9b3516eaaf74ec, type: 3}
  m_Name: 
  m_EditorClassIdentifier: 
--- !u!4 &5393966387727255872 stripped
Transform:
  m_CorrespondingSourceObject: {fileID: 6188373361296918716, guid: 87af9214f7040c54ca981802413be244,
    type: 3}
  m_PrefabInstance: {fileID: 2250307849546007036}
  m_PrefabAsset: {fileID: 0}
--- !u!1001 &2250307851153696487
PrefabInstance:
  m_ObjectHideFlags: 0
  serializedVersion: 2
  m_Modification:
    m_TransformParent: {fileID: 2250307851423813695}
    m_Modifications:
    - target: {fileID: 1030600231394463662, guid: 87af9214f7040c54ca981802413be244,
        type: 3}
      propertyPath: m_Name
      value: ItemStorageHolder (3)
      objectReference: {fileID: 0}
    - target: {fileID: 2155631554098609370, guid: 87af9214f7040c54ca981802413be244,
        type: 3}
      propertyPath: m_LocalScale.x
      value: 1
      objectReference: {fileID: 0}
    - target: {fileID: 2155631554098609370, guid: 87af9214f7040c54ca981802413be244,
        type: 3}
      propertyPath: m_LocalScale.y
      value: 1
      objectReference: {fileID: 0}
    - target: {fileID: 2155631554098609370, guid: 87af9214f7040c54ca981802413be244,
        type: 3}
      propertyPath: m_LocalScale.z
      value: 1
      objectReference: {fileID: 0}
    - target: {fileID: 6188373361296918716, guid: 87af9214f7040c54ca981802413be244,
        type: 3}
      propertyPath: m_LocalPosition.x
      value: -1.19
      objectReference: {fileID: 0}
    - target: {fileID: 6188373361296918716, guid: 87af9214f7040c54ca981802413be244,
        type: 3}
      propertyPath: m_LocalPosition.y
      value: 2.0700002
      objectReference: {fileID: 0}
    - target: {fileID: 6188373361296918716, guid: 87af9214f7040c54ca981802413be244,
        type: 3}
      propertyPath: m_LocalPosition.z
      value: -0.51
      objectReference: {fileID: 0}
    - target: {fileID: 6188373361296918716, guid: 87af9214f7040c54ca981802413be244,
        type: 3}
      propertyPath: m_LocalRotation.x
      value: 0
      objectReference: {fileID: 0}
    - target: {fileID: 6188373361296918716, guid: 87af9214f7040c54ca981802413be244,
        type: 3}
      propertyPath: m_LocalRotation.y
      value: 0
      objectReference: {fileID: 0}
    - target: {fileID: 6188373361296918716, guid: 87af9214f7040c54ca981802413be244,
        type: 3}
      propertyPath: m_LocalRotation.z
      value: 0
      objectReference: {fileID: 0}
    - target: {fileID: 6188373361296918716, guid: 87af9214f7040c54ca981802413be244,
        type: 3}
      propertyPath: m_LocalRotation.w
      value: 1
      objectReference: {fileID: 0}
    - target: {fileID: 6188373361296918716, guid: 87af9214f7040c54ca981802413be244,
        type: 3}
      propertyPath: m_RootOrder
      value: 4
      objectReference: {fileID: 0}
    - target: {fileID: 6188373361296918716, guid: 87af9214f7040c54ca981802413be244,
        type: 3}
      propertyPath: m_LocalEulerAnglesHint.x
      value: 0
      objectReference: {fileID: 0}
    - target: {fileID: 6188373361296918716, guid: 87af9214f7040c54ca981802413be244,
        type: 3}
      propertyPath: m_LocalEulerAnglesHint.y
      value: 0
      objectReference: {fileID: 0}
    - target: {fileID: 6188373361296918716, guid: 87af9214f7040c54ca981802413be244,
        type: 3}
      propertyPath: m_LocalEulerAnglesHint.z
      value: 0
      objectReference: {fileID: 0}
    m_RemovedComponents: []
  m_SourcePrefab: {fileID: 100100000, guid: 87af9214f7040c54ca981802413be244, type: 3}
--- !u!4 &5393966386116439643 stripped
Transform:
  m_CorrespondingSourceObject: {fileID: 6188373361296918716, guid: 87af9214f7040c54ca981802413be244,
    type: 3}
  m_PrefabInstance: {fileID: 2250307851153696487}
  m_PrefabAsset: {fileID: 0}
--- !u!114 &5599766892781992617 stripped
MonoBehaviour:
  m_CorrespondingSourceObject: {fileID: 5948390069433441358, guid: 87af9214f7040c54ca981802413be244,
    type: 3}
  m_PrefabInstance: {fileID: 2250307851153696487}
  m_PrefabAsset: {fileID: 0}
  m_GameObject: {fileID: 0}
  m_Enabled: 1
  m_EditorHideFlags: 0
  m_Script: {fileID: 11500000, guid: c894c38e350e0d84fa9b3516eaaf74ec, type: 3}
  m_Name: 
  m_EditorClassIdentifier: 
--- !u!1001 &2250307851332413914
PrefabInstance:
  m_ObjectHideFlags: 0
  serializedVersion: 2
  m_Modification:
    m_TransformParent: {fileID: 2250307851423813695}
    m_Modifications:
    - target: {fileID: 1030600231394463662, guid: 87af9214f7040c54ca981802413be244,
        type: 3}
      propertyPath: m_Name
      value: ItemStorageHolder (5)
      objectReference: {fileID: 0}
    - target: {fileID: 2155631554098609370, guid: 87af9214f7040c54ca981802413be244,
        type: 3}
      propertyPath: m_LocalScale.x
      value: 1
      objectReference: {fileID: 0}
    - target: {fileID: 2155631554098609370, guid: 87af9214f7040c54ca981802413be244,
        type: 3}
      propertyPath: m_LocalScale.y
      value: 1
      objectReference: {fileID: 0}
    - target: {fileID: 2155631554098609370, guid: 87af9214f7040c54ca981802413be244,
        type: 3}
      propertyPath: m_LocalScale.z
      value: 1
      objectReference: {fileID: 0}
    - target: {fileID: 6188373361296918716, guid: 87af9214f7040c54ca981802413be244,
        type: 3}
      propertyPath: m_LocalPosition.x
      value: 1.12
      objectReference: {fileID: 0}
    - target: {fileID: 6188373361296918716, guid: 87af9214f7040c54ca981802413be244,
        type: 3}
      propertyPath: m_LocalPosition.y
      value: 2.0700002
      objectReference: {fileID: 0}
    - target: {fileID: 6188373361296918716, guid: 87af9214f7040c54ca981802413be244,
        type: 3}
      propertyPath: m_LocalPosition.z
      value: -0.51
      objectReference: {fileID: 0}
    - target: {fileID: 6188373361296918716, guid: 87af9214f7040c54ca981802413be244,
        type: 3}
      propertyPath: m_LocalRotation.x
      value: 0
      objectReference: {fileID: 0}
    - target: {fileID: 6188373361296918716, guid: 87af9214f7040c54ca981802413be244,
        type: 3}
      propertyPath: m_LocalRotation.y
      value: 0
      objectReference: {fileID: 0}
    - target: {fileID: 6188373361296918716, guid: 87af9214f7040c54ca981802413be244,
        type: 3}
      propertyPath: m_LocalRotation.z
      value: 0
      objectReference: {fileID: 0}
    - target: {fileID: 6188373361296918716, guid: 87af9214f7040c54ca981802413be244,
        type: 3}
      propertyPath: m_LocalRotation.w
      value: 1
      objectReference: {fileID: 0}
    - target: {fileID: 6188373361296918716, guid: 87af9214f7040c54ca981802413be244,
        type: 3}
      propertyPath: m_RootOrder
      value: 6
      objectReference: {fileID: 0}
    - target: {fileID: 6188373361296918716, guid: 87af9214f7040c54ca981802413be244,
        type: 3}
      propertyPath: m_LocalEulerAnglesHint.x
      value: 0
      objectReference: {fileID: 0}
    - target: {fileID: 6188373361296918716, guid: 87af9214f7040c54ca981802413be244,
        type: 3}
      propertyPath: m_LocalEulerAnglesHint.y
      value: 0
      objectReference: {fileID: 0}
    - target: {fileID: 6188373361296918716, guid: 87af9214f7040c54ca981802413be244,
        type: 3}
      propertyPath: m_LocalEulerAnglesHint.z
      value: 0
      objectReference: {fileID: 0}
    m_RemovedComponents: []
  m_SourcePrefab: {fileID: 100100000, guid: 87af9214f7040c54ca981802413be244, type: 3}
--- !u!4 &5393966386276409702 stripped
Transform:
  m_CorrespondingSourceObject: {fileID: 6188373361296918716, guid: 87af9214f7040c54ca981802413be244,
    type: 3}
  m_PrefabInstance: {fileID: 2250307851332413914}
  m_PrefabAsset: {fileID: 0}
--- !u!114 &5599766892491994516 stripped
MonoBehaviour:
  m_CorrespondingSourceObject: {fileID: 5948390069433441358, guid: 87af9214f7040c54ca981802413be244,
    type: 3}
  m_PrefabInstance: {fileID: 2250307851332413914}
  m_PrefabAsset: {fileID: 0}
  m_GameObject: {fileID: 0}
  m_Enabled: 1
  m_EditorHideFlags: 0
  m_Script: {fileID: 11500000, guid: c894c38e350e0d84fa9b3516eaaf74ec, type: 3}
  m_Name: 
  m_EditorClassIdentifier: 
--- !u!1001 &2250307851485334767
PrefabInstance:
  m_ObjectHideFlags: 0
  serializedVersion: 2
  m_Modification:
    m_TransformParent: {fileID: 2250307851423813695}
    m_Modifications:
    - target: {fileID: 1030600231394463662, guid: 87af9214f7040c54ca981802413be244,
        type: 3}
      propertyPath: m_Name
      value: ItemStorageHolder (4)
      objectReference: {fileID: 0}
    - target: {fileID: 2155631554098609370, guid: 87af9214f7040c54ca981802413be244,
        type: 3}
      propertyPath: m_LocalScale.x
      value: 1
      objectReference: {fileID: 0}
    - target: {fileID: 2155631554098609370, guid: 87af9214f7040c54ca981802413be244,
        type: 3}
      propertyPath: m_LocalScale.y
      value: 1
      objectReference: {fileID: 0}
    - target: {fileID: 2155631554098609370, guid: 87af9214f7040c54ca981802413be244,
        type: 3}
      propertyPath: m_LocalScale.z
      value: 1
      objectReference: {fileID: 0}
    - target: {fileID: 6188373361296918716, guid: 87af9214f7040c54ca981802413be244,
        type: 3}
      propertyPath: m_LocalPosition.x
      value: -0.06
      objectReference: {fileID: 0}
    - target: {fileID: 6188373361296918716, guid: 87af9214f7040c54ca981802413be244,
        type: 3}
      propertyPath: m_LocalPosition.y
      value: 2.0700002
      objectReference: {fileID: 0}
    - target: {fileID: 6188373361296918716, guid: 87af9214f7040c54ca981802413be244,
        type: 3}
      propertyPath: m_LocalPosition.z
      value: -0.51
      objectReference: {fileID: 0}
    - target: {fileID: 6188373361296918716, guid: 87af9214f7040c54ca981802413be244,
        type: 3}
      propertyPath: m_LocalRotation.x
      value: 0
      objectReference: {fileID: 0}
    - target: {fileID: 6188373361296918716, guid: 87af9214f7040c54ca981802413be244,
        type: 3}
      propertyPath: m_LocalRotation.y
      value: 0
      objectReference: {fileID: 0}
    - target: {fileID: 6188373361296918716, guid: 87af9214f7040c54ca981802413be244,
        type: 3}
      propertyPath: m_LocalRotation.z
      value: 0
      objectReference: {fileID: 0}
    - target: {fileID: 6188373361296918716, guid: 87af9214f7040c54ca981802413be244,
        type: 3}
      propertyPath: m_LocalRotation.w
      value: 1
      objectReference: {fileID: 0}
    - target: {fileID: 6188373361296918716, guid: 87af9214f7040c54ca981802413be244,
        type: 3}
      propertyPath: m_RootOrder
      value: 5
      objectReference: {fileID: 0}
    - target: {fileID: 6188373361296918716, guid: 87af9214f7040c54ca981802413be244,
        type: 3}
      propertyPath: m_LocalEulerAnglesHint.x
      value: 0
      objectReference: {fileID: 0}
    - target: {fileID: 6188373361296918716, guid: 87af9214f7040c54ca981802413be244,
        type: 3}
      propertyPath: m_LocalEulerAnglesHint.y
      value: 0
      objectReference: {fileID: 0}
    - target: {fileID: 6188373361296918716, guid: 87af9214f7040c54ca981802413be244,
        type: 3}
      propertyPath: m_LocalEulerAnglesHint.z
      value: 0
      objectReference: {fileID: 0}
    m_RemovedComponents: []
  m_SourcePrefab: {fileID: 100100000, guid: 87af9214f7040c54ca981802413be244, type: 3}
--- !u!114 &5599766892576559265 stripped
MonoBehaviour:
  m_CorrespondingSourceObject: {fileID: 5948390069433441358, guid: 87af9214f7040c54ca981802413be244,
    type: 3}
  m_PrefabInstance: {fileID: 2250307851485334767}
  m_PrefabAsset: {fileID: 0}
  m_GameObject: {fileID: 0}
  m_Enabled: 1
  m_EditorHideFlags: 0
  m_Script: {fileID: 11500000, guid: c894c38e350e0d84fa9b3516eaaf74ec, type: 3}
  m_Name: 
  m_EditorClassIdentifier: 
--- !u!4 &5393966386447483987 stripped
Transform:
  m_CorrespondingSourceObject: {fileID: 6188373361296918716, guid: 87af9214f7040c54ca981802413be244,
    type: 3}
  m_PrefabInstance: {fileID: 2250307851485334767}
  m_PrefabAsset: {fileID: 0}
